% this is the bibliography file


@Misc{iso-odf,
  author = 	 {International Organization for Standardization},
  title = 	 {ISO/IEC 26300:2006 Open Document Format},
  howpublished = {\url{http://std.dkuug.dk/keld/iso26300-odf/is26300/iso_iec_26300:2006_e.pdf}},
  month = 	 {December},
  year = 	 {2006},
  annote = 	 {\url{http://www.iso.org/iso/iso_catalogue/catalogue_tc/catalogue_detail.htm?csnumber=43485}}
}

@incollection{mitosis,
	year={2013},
	booktitle={Medical Image Computing and Computer-Assisted Intervention – MICCAI 2013},
	title={Mitosis Detection in Breast Cancer Histology Images with Deep Neural Networks},
	url={http://dx.doi.org/10.1007/978-3-642-40763-5_51},
	publisher={Springer Berlin Heidelberg},
	author={Cireşan, DanC. and Giusti, Alessandro and Gambardella, LucaM. and Schmidhuber, Jürgen},
	pages={411-418},
	
}

@article{pedestrian,
  author    = {Yonglong Tian and Ping Luo and Xiaogang Wang and Xiaoou Tang},
  title     = {Pedestrian Detection aided by Deep Learning Semantic Tasks},
  journal   = {CoRR},
  volume    = {abs/1412.0069},
  year      = {2014},
  url       = {http://arxiv.org/abs/1412.0069}
}

@inproceedings{svhn,
	title = {Reading Digits in Natural Images with Unsupervised Feature Learning},
	author  = {Yuval Netzer and Tao Wang and Adam Coates and Alessandro Bissacco and Bo Wu and Andrew Y. Ng},
	year  = 2011,
	URL = {http://ufldl.stanford.edu/housenumbers/nips2011_housenumbers.pdf},
	booktitle = {NIPS Workshop on Deep Learning and Unsupervised Feature Learning 2011}
}

@INPROCEEDINGS{torch7,
         author = {Collobert, Ronan and Kavukcuoglu, Koray and Farabet, Cl{\'{e}}ment},
       projects = {Idiap},
          title = {Torch7: A Matlab-like Environment for Machine Learning},
      booktitle = {BigLearn, NIPS Workshop},
           year = {2011},
            pdf = {http://publications.idiap.ch/downloads/papers/2011/Collobert_NIPSWORKSHOP_2011.pdf}
}


